@article {diaconis-hicks-2017,
    AUTHOR = {Diaconis, Persi and Hicks, Angela},
     TITLE = {Probabilizing parking functions},
   JOURNAL = {Adv. in Appl. Math.},
  FJOURNAL = {Advances in Applied Mathematics},
    VOLUME = {89},
      YEAR = {2017},
     PAGES = {125--155},
      ISSN = {0196-8858,1090-2074},
   MRCLASS = {60C05 (05A15 05D40 60B99)},
  MRNUMBER = {3655735},
MRREVIEWER = {Martin\ V.\ Hildebrand},
       DOI = {10.1016/j.aam.2017.05.004},
       URL = {https://doi.org/10.1016/j.aam.2017.05.004},
}

@misc{pinsky-2024,
      title={The distribution on permutations induced by a random parking function}, 
      author={Ross G. Pinsky},
      year={2024},
      eprint={2404.11529},
      archivePrefix={arXiv},
      primaryClass={math.PR},
      annotate={Provides a general method to talk about the size of the pre-image of a permutation under the obvious map from parking functions to permutations}
}

@article {cameron-johannsen-prellberg-schweitzer-2008,
    AUTHOR = {Cameron, Peter J. and Johannsen, Daniel and Prellberg, Thomas
              and Schweitzer, Pascal},
     TITLE = {Counting defective parking functions},
   JOURNAL = {Electron. J. Combin.},
  FJOURNAL = {Electronic Journal of Combinatorics},
    VOLUME = {15},
      YEAR = {2008},
    NUMBER = {1},
     PAGES = {Research Paper 92, 15},
      ISSN = {1077-8926},
   MRCLASS = {05A15 (05A16 90B80)},
  MRNUMBER = {2426155},
MRREVIEWER = {Mark\ Curtis\ Wilson},
       DOI = {10.37236/816},
       URL = {https://doi.org/10.37236/816}, 
  ANNOTATE = {Provides formulae and approaches for how to enumerate the preference lists of $m$ cars trying to park in $n$ spots where $k$ cars are unable to park.}
}

@misc{martinezmori-2024,
      title={What is a Parking Function?}, 
      author={J. Carlos Martínez Mori},
      year={2024},
      eprint={2404.15372},
      archivePrefix={arXiv},
primaryClass={math.HO},
annotate = {Contains lots of preliminary results on parking functions.}
}

@article{bennett-2024,
title = {Repetitions of {P}ak-{S}tanley labels in {G}-{S}hi arrangements},
journal = {Discrete Mathematics},
volume = {347},
number = {9},
pages = {114064},
year = {2024},
issn = {0012-365X},
doi = {https://doi.org/10.1016/j.disc.2024.114064},
url = {https://www.sciencedirect.com/science/article/pii/S0012365X2400195X},
author = {Cara Bennett and Lucy Martinez and Ava Mock and Gordon {Rojas Kirby} and Robin Truax},
keywords = {Hyperplane arrangements, Chip-firing, -parking functions},
abstract = {Introduces the G-Shi arrangement for the first time and notes 3^n-2^n-n for the cycle graph.}
}

@incollection {yan-survey-2015,
    AUTHOR = {Yan, Catherine H.},
     TITLE = {Parking functions},
 BOOKTITLE = {Handbook of enumerative combinatorics},
    SERIES = {Discrete Math. Appl. (Boca Raton)},
     PAGES = {835--893},
 PUBLISHER = {CRC Press, Boca Raton, FL},
      YEAR = {2015},
      ISBN = {978-1-4822-2085-8},
   MRCLASS = {05A15 (05C85)},
  MRNUMBER = {3409354},
  annotate = {Broad survey of everything parking functions with lots of connections to graph theory}
}

@article{zucker-2024,
author = {Marc Zucker},
title = {From {A}bel’s Binomial Theorem to {C}ayley’s Tree Formula},
journal = {The American Mathematical Monthly},
volume = {131},
number = {2},
pages = {165--169},
year = {2024},
publisher = {Taylor \& Francis},
doi = {10.1080/00029890.2023.2276637},
URL = {https://doi.org/10.1080/00029890.2023.2276637},
eprint = {https://doi.org/10.1080/00029890.2023.2276637},
annotate = {This paper made Prof. Benjamin consider the possibility of DIE proofs of Abel's binomial theorem. Contains a nice lemma about evaluating polynomials at non-negative integers that can be proved by DIE.}
}

@misc{andres-others-2023,
      title={Generalized parking function polytopes}, 
      author={Mitsuki Hanada and John Lentfer and Andrés R. Vindas-Meléndez},
      year={2023},
      eprint={2212.06885},
      archivePrefix={arXiv},
      primaryClass={id='math.CO' full_name='Combinatorics' is_active=True alt_name=None in_archive='math' is_general=False description='Discrete mathematics, graph theory, enumeration, combinatorial optimization, Ramsey theory, combinatorial game theory'},
      annotate = {Prof. Andr\'{e}s' paper on generalised parking polytopes. Shows that the integer points of the weakly increasing parking polytope are integrally equivalent to the weakly increasing parking functions.}
}

@article{shapiro-1991,
title = {Voting blocks, reluctant functions, and a formula of {H}urwitz},
journal = {Discrete Mathematics},
volume = {87},
number = {3},
pages = {319-322},
year = {1991},
issn = {0012-365X},
doi = {https://doi.org/10.1016/0012-365X(91)90142-O},
url = {https://www.sciencedirect.com/science/article/pii/0012365X9190142O},
author = {Louis W. Shapiro},
abstract = {In this note we present a combinatorial proof from first principles of the Hurwitz formula which is a generalization of Abel's formula which in turn is a deep generalization of the binomial formula.},
annotate = {Combinatorial proof of the Hurwitz generalisation of Abel's binomial theorem by voting blocks}
}

@article{mullin-rota-1970,
title = {On the Foundations of Combinatorial Theory {III}: Theory of Binomial Enumeration},
journal = {Graph theory and its applications},
year = {1970},
author = {Ronald Mullin and Gian-Carlo Rota},
annotate = {Contains a section on reluctant functions. They have connections to Abel's identity and rooted trees.}}

@incollection{alon-2001,
    AUTHOR = {Alon, Noga},
     TITLE = {Combinatorial {N}ullstellensatz},
 booktitle = {Recent trends in combinatorics (M\'atrah\'aza, 1995)},
   JOURNAL = {Combin. Probab. Comput.},
 publisher = {Cambridge University Press},
  FJOURNAL = {Combinatorics, Probability and Computing},
    VOLUME = {8},
      YEAR = {2001},
    NUMBER = {1-2},
     PAGES = {7--29},
      ISSN = {0963-5483,1469-2163},
   MRCLASS = {05-XX (05C15 12D10)},
  MRNUMBER = {1684621},
MRREVIEWER = {Theresa\ P.\ Vaughan},
       DOI = {10.1017/S0963548398003411},
       URL = {https://doi.org/10.1017/S0963548398003411},
       annotate = {The original paper proving the combinatorial Nullstellensatz}
}


@article {yan-2020,
    AUTHOR = {Cai, Yue and Yan, Catherine H.},
     TITLE = {Vector parking functions with periodic boundaries and rational
              parking functions},
   JOURNAL = {J. Combin. Theory Ser. A},
  FJOURNAL = {Journal of Combinatorial Theory. Series A},
    VOLUME = {173},
      YEAR = {2020},
     PAGES = {105239, 30},
      ISSN = {0097-3165,1096-0899},
   MRCLASS = {05A16 (05A05 05A15)},
  MRNUMBER = {4074171},
MRREVIEWER = {Mikl\'os\ B\'ona},
       DOI = {10.1016/j.jcta.2020.105239},
       URL = {https://doi.org/10.1016/j.jcta.2020.105239},
}

@article {blake-konheim-1977,
    AUTHOR = {Blake, Ian F. and Konheim, Alan G.},
     TITLE = {Big buckets are (are not) better!},
   JOURNAL = {J. Assoc. Comput. Mach.},
  FJOURNAL = {Journal of the Association for Computing Machinery},
    VOLUME = {24},
      YEAR = {1977},
    NUMBER = {4},
     PAGES = {591--606},
      ISSN = {0004-5411,1557-735X},
   MRCLASS = {68A50},
  MRNUMBER = {462021},
MRREVIEWER = {Clement\ T.\ Yu},
       DOI = {10.1145/322033.322038},
       URL = {https://doi.org/10.1145/322033.322038},
}

@misc{meyles-2023,
      title={Unit-Interval Parking Functions and the Permutohedron}, 
      author={Lucas Chaves Meyles and Pamela E. Harris and Richter Jordaan and Gordon Rojas Kirby and Sam Sehayek and Ethan Spingarn},
      year={2023},
      eprint={2305.15554},
      archivePrefix={arXiv},
      primaryClass={math.CO},
      url={https://arxiv.org/abs/2305.15554}, 
}

% papers to add: spencer-yan-1999 most important, bergeron-2019 optional

@misc{spencer-yan-1999,
    title = {A Ball-Distribution Problem and the Branching Process},
    author={Spencer, J. and Yan, Catherine H.},
    year={1999},
    journal = {preprint},
    url={https://people.tamu.edu/~huafei-yan//Files/Ball.pdf}
}

@article{riordan-1969,
title = {Ballots and trees},
journal = {Journal of Combinatorial Theory},
volume = {6},
number = {4},
pages = {408-411},
year = {1969},
issn = {0021-9800},
doi = {https://doi.org/10.1016/S0021-9800(69)80039-6},
url = {https://www.sciencedirect.com/science/article/pii/S0021980069800396},
author = {John Riordan},
abstract = {The parking problem described in the first paragraph below attracts interest because of the unexpected appearance of the numbers of (free) trees with all points labeled. This paper reports first a simple mapping, due to H. O. Pollak, of the preference sets of the parking problem on the trees. Then a relation of the parking problem to ballot problems is examined.}
}

@article{benjamin-quinn-2008,
 ISSN = {07468342, 19311346},
 URL = {http://www.jstor.org/stable/27646625},
 author = {Arthur T. Benjamin and Jennifer J. Quinn},
 journal = {The College Mathematics Journal},
 number = {3},
 pages = {191--202},
 publisher = {Mathematical Association of America},
 title = {An Alternate Approach to Alternating Sums: A Method to {DIE} for},
 urldate = {2024-07-11},
 volume = {39},
 year = {2008}
}

@article {armstrong-loehr-warrington-2016,
    AUTHOR = {Armstrong, Drew and Loehr, Nicholas A. and Warrington, Gregory
              S.},
     TITLE = {Rational parking functions and {C}atalan numbers},
   JOURNAL = {Ann. Comb.},
  FJOURNAL = {Annals of Combinatorics},
    VOLUME = {20},
      YEAR = {2016},
    NUMBER = {1},
     PAGES = {21--58},
      ISSN = {0218-0006,0219-3094},
   MRCLASS = {05E10 (05A30 05E05 05E18)},
  MRNUMBER = {3461934},
MRREVIEWER = {Thomas\ Ernst},
       DOI = {10.1007/s00026-015-0293-6},
       URL = {https://doi.org/10.1007/s00026-015-0293-6},
}

@article {athanasiadis-linusson-1999,
    AUTHOR = {Athanasiadis, Christos A. and Linusson, Svante},
     TITLE = {A simple bijection for the regions of the {S}hi arrangement of
              hyperplanes},
   JOURNAL = {Discrete Math.},
  FJOURNAL = {Discrete Mathematics},
    VOLUME = {204},
      YEAR = {1999},
    NUMBER = {1-3},
     PAGES = {27--39},
      ISSN = {0012-365X,1872-681X},
   MRCLASS = {52C35},
  MRNUMBER = {1691861},
MRREVIEWER = {Johann\ Linhart},
       DOI = {10.1016/S0012-365X(98)00365-3},
       URL = {https://doi.org/10.1016/S0012-365X(98)00365-3},
}

@misc{chen-2023,
      title={On the Structure of Permutation Invariant Parking}, 
      author={Douglas M. Chen},
      year={2023},
      eprint={2311.15699},
      archivePrefix={arXiv},
      primaryClass={math.CO},
      url={https://arxiv.org/abs/2311.15699}, 
}

@article{bailey-1996,
author = {D. F. Bailey},
title = {Counting Arrangements of 1's and -1's},
journal = {Mathematics Magazine},
volume = {69},
number = {2},
pages = {128--131},
year = {1996},
publisher = {Taylor \& Francis},
doi = {10.1080/0025570X.1996.11996408},
URL = {https://doi.org/10.1080/0025570X.1996.11996408},
eprint = {https://doi.org/10.1080/0025570X.1996.11996408}}

@misc{biswas-2022,
      title={Various proofs of the Fundamental Theorem of Markov Chains}, 
      author={Somenath Biswas},
      year={2022},
      eprint={2204.00784},
      archivePrefix={arXiv},
      primaryClass={math.PR},
      url={https://arxiv.org/abs/2204.00784}, 
}

@misc{stanley-yin-2023,
      title={Some enumerative properties of parking functions}, 
      author={Richard P. Stanley and Mei Yin},
      year={2023},
      eprint={2306.08681},
      archivePrefix={arXiv},
      primaryClass={math.CO}
}