@article {diaconis-hicks-2017,
    AUTHOR = {Diaconis, Persi and Hicks, Angela},
     TITLE = {Probabilizing parking functions},
   JOURNAL = {Adv. in Appl. Math.},
  FJOURNAL = {Advances in Applied Mathematics},
    VOLUME = {89},
      YEAR = {2017},
     PAGES = {125--155},
      ISSN = {0196-8858,1090-2074},
   MRCLASS = {60C05 (05A15 05D40 60B99)},
  MRNUMBER = {3655735},
MRREVIEWER = {Martin\ V.\ Hildebrand},
       DOI = {10.1016/j.aam.2017.05.004},
       URL = {https://doi.org/10.1016/j.aam.2017.05.004},
}

@misc{pinsky2024distribution,
      title={The distribution on permutations induced by a random parking function}, 
      author={Ross G. Pinsky},
      year={2024},
      eprint={2404.11529},
      archivePrefix={arXiv},
      primaryClass={math.PR},
      annotate={Provides a general method to talk about the size of the pre-image of a permutation under the obvious map from parking functions to permutations}
}

@article {cameron-johannsen-prellberg-schweitzer-2008,
    AUTHOR = {Cameron, Peter J. and Johannsen, Daniel and Prellberg, Thomas
              and Schweitzer, Pascal},
     TITLE = {Counting defective parking functions},
   JOURNAL = {Electron. J. Combin.},
  FJOURNAL = {Electronic Journal of Combinatorics},
    VOLUME = {15},
      YEAR = {2008},
    NUMBER = {1},
     PAGES = {Research Paper 92, 15},
      ISSN = {1077-8926},
   MRCLASS = {05A15 (05A16 90B80)},
  MRNUMBER = {2426155},
MRREVIEWER = {Mark\ Curtis\ Wilson},
       DOI = {10.37236/816},
       URL = {https://doi.org/10.37236/816}, 
  ANNOTATE = {Provides formulae and approaches for how to enumerate the preference lists of $m$ cars trying to park in $n$ spots where $k$ cars are unable to park.}
}

@misc{martinezmori-2024,
      title={What is a Parking Function?}, 
      author={J. Carlos Martínez Mori},
      year={2024},
      eprint={2404.15372},
      archivePrefix={arXiv},
primaryClass={math.HO},
annotate = {Contains lots of preliminary results on parking functions.}
}

@article{bennett-2024,
title = {{Repetitions of Pak-Stanley labels in G-Shi arrangements}},
journal = {Discrete Mathematics},
volume = {347},
number = {9},
pages = {114064},
year = {2024},
issn = {0012-365X},
doi = {https://doi.org/10.1016/j.disc.2024.114064},
url = {https://www.sciencedirect.com/science/article/pii/S0012365X2400195X},
author = {Cara Bennett and Lucy Martinez and Ava Mock and Gordon {Rojas Kirby} and Robin Truax},
keywords = {Hyperplane arrangements, Chip-firing, -parking functions},
abstract = {Introduces the G-Shi arrangement for the first time and notes 3^n-2^n-n for the cycle graph.}
}

@incollection {yan-2015,
    AUTHOR = {Yan, Catherine H.},
     TITLE = {Parking functions},
 BOOKTITLE = {Handbook of enumerative combinatorics},
    SERIES = {Discrete Math. Appl. (Boca Raton)},
     PAGES = {835--893},
 PUBLISHER = {CRC Press, Boca Raton, FL},
      YEAR = {2015},
      ISBN = {978-1-4822-2085-8},
   MRCLASS = {05A15 (05C85)},
  MRNUMBER = {3409354},
  annotate = {Broad survey of everything parking functions with lots of connections to graph theory}
}

@article{zucker-2024,
author = {Marc Zucker},
title = {From Abel’s Binomial Theorem to Cayley’s Tree Formula},
journal = {The American Mathematical Monthly},
volume = {131},
number = {2},
pages = {165--169},
year = {2024},
publisher = {Taylor \& Francis},
doi = {10.1080/00029890.2023.2276637},
URL = {https://doi.org/10.1080/00029890.2023.2276637},
eprint = {https://doi.org/10.1080/00029890.2023.2276637},
annotate = {This paper made Prof. Benjamin consider the possibility of DIE proofs of Abel's binomial theorem. Contains a nice lemma about evaluating polynomials at non-negative integers that can be proved by DIE.}
}

@misc{andres-others-2023,
      title={Generalized parking function polytopes}, 
      author={Mitsuki Hanada and John Lentfer and Andrés R. Vindas-Meléndez},
      year={2023},
      eprint={2212.06885},
      archivePrefix={arXiv},
      primaryClass={id='math.CO' full_name='Combinatorics' is_active=True alt_name=None in_archive='math' is_general=False description='Discrete mathematics, graph theory, enumeration, combinatorial optimization, Ramsey theory, combinatorial game theory'},
      annotate = {Prof. Andr\'{e}s' paper on generalised parking polytopes. Shows that the integer points of the weakly increasing parking polytope are integrally equivalent to the weakly increasing parking functions.}
}

@article{shapiro-1991,
title = {Voting blocks, reluctant functions, and a formula of Hurwitz},
journal = {Discrete Mathematics},
volume = {87},
number = {3},
pages = {319-322},
year = {1991},
issn = {0012-365X},
doi = {https://doi.org/10.1016/0012-365X(91)90142-O},
url = {https://www.sciencedirect.com/science/article/pii/0012365X9190142O},
author = {Louis W. Shapiro},
abstract = {In this note we present a combinatorial proof from first principles of the Hurwitz formula which is a generalization of Abel's formula which in turn is a deep generalization of the binomial formula.},
annotate = {Combinatorial proof of the Hurwitz generalisation of Abel's binomial theorem by voting blocks}
}

@article{rota-foundations3-1970,
title = {On the Foundations of Combinatorial Theory III: Theory of Binomial Enumeration},
journal = {},
year = {1970},
author = {Gian-Carlo Rota and Ronald Mullin},
url = {https://repository.lib.ncsu.edu/server/api/core/bitstreams/2a9053c8-84ce-492a-bbfb-d8ca6db8d5cd/content},
annotate = {Contains a section on reluctant functions. They have connections to Abel's identity and rooted trees. \textcolor{red}{Danger! Piracy}: this citation needs to be updated with a more legal link and all the proper journal details.}}

@incollection {alon-1999,
    AUTHOR = {Alon, Noga},
     TITLE = {Combinatorial {N}ullstellensatz},
      NOTE = {Recent trends in combinatorics (M\'atrah\'aza, 1995)},
   JOURNAL = {Combin. Probab. Comput.},
  FJOURNAL = {Combinatorics, Probability and Computing},
    VOLUME = {8},
      YEAR = {1999},
    NUMBER = {1-2},
     PAGES = {7--29},
      ISSN = {0963-5483,1469-2163},
   MRCLASS = {05-XX (05C15 12D10)},
  MRNUMBER = {1684621},
MRREVIEWER = {Theresa\ P.\ Vaughan},
       DOI = {10.1017/S0963548398003411},
       URL = {https://doi.org/10.1017/S0963548398003411},
       annotate = {The original paper proving the combinatorial Nullstellensatz}
}
